@inproceedings{DBLP:conf/ewsn/BakshiP04,
  author    = {Amol Bakshi and
               Viktor K. Prasanna},
  title     = {Structured Communication in Single Hop Sensor Networks},
  booktitle = {EWSN},
  year      = {2004},
  pages     = {138-153},
  ee        = {http://springerlink.metapress.com/openurl.asp?genre=article{\&}issn=0302-9743{\&}volume=2920{\&}spage=138},
  crossref  = {DBLP:conf/ewsn/2004},
  bibsource = {DBLP, http://dblp.uni-trier.de}
}

@proceedings{DBLP:conf/ewsn/2004,
  editor    = {Holger Karl and
               Andreas Willig and
               Adam Wolisz},
  title     = {Wireless Sensor Networks, First European Workshop, EWSN
               2004, Berlin, Germany, January 19-21, 2004, Proceedings},
  booktitle = {EWSN},
  publisher = {Springer},
  series    = {Lecture Notes in Computer Science},
  volume    = {2920},
  year      = {2004},
  isbn      = {3-540-20825-9},
  bibsource = {DBLP, http://dblp.uni-trier.de}
}

@article{DBLP:journals/tc/Datta05,
  author    = {Amitava Datta},
  title     = {A Fault-Tolerant Protocol for Energy-Efficient Permutation
               Routing in Wireless Networks},
  journal   = {IEEE Trans. Computers},
  volume    = {54},
  number    = {11},
  year      = {2005},
  pages     = {0421},
  ee        = {http://doi.ieeecomputersociety.org/10.1109/TC.2005.172},
  bibsource = {DBLP, http://dblp.uni-trier.de}
}

@article{DBLP:journals/tpds/DattaZ04,
  author    = {Amitava Datta and
               Albert Y. Zomaya},
  title     = {An Energy-Efficient Permutation Routing Protocol for Single-Hop
               Radio Networks},
  journal   = {IEEE Trans. Parallel Distrib. Syst.},
  volume    = {15},
  number    = {4},
  year      = {2004},
  pages     = {331-338},
  ee        = {http://csdl.computer.org/comp/trans/td/2004/04/l0331abs.htm},
  bibsource = {DBLP, http://dblp.uni-trier.de}
}

@inproceedings{DBLP:conf/algosensors/GebalaK07,
  author    = {Maciej Gebala and
               Marcin Kik},
  title     = {Counting-Sort and Routing in a Single Hop Radio Network},
  booktitle = {ALGOSENSORS},
  year      = {2007},
  pages     = {138-149},
  ee        = {http://dx.doi.org/10.1007/978-3-540-77871-4_13},
  crossref  = {DBLP:conf/algosensors/2007},
  bibsource = {DBLP, http://dblp.uni-trier.de}
}

@proceedings{DBLP:conf/algosensors/2007,
  editor    = {Miroslaw Kutylowski and
               Jacek Cichon and
               Przemyslaw Kubiak},
  title     = {Algorithmic Aspects of Wireless Sensor Networks, Third International
               Workshop, ALGOSENSORS 2007, Wroclaw, Poland, July 14, 2007,
               Revised Selected Papers},
  booktitle = {ALGOSENSORS},
  publisher = {Springer},
  series    = {Lecture Notes in Computer Science},
  volume    = {4837},
  year      = {2008},
  isbn      = {978-3-540-77870-7},
  bibsource = {DBLP, http://dblp.uni-trier.de}
}

@inproceedings{DBLP:conf/mfcs/Kik06,
  author    = {Marcin Kik},
  title     = {Sorting Long Sequences in a Single Hop Radio Network},
  booktitle = {MFCS},
  year      = {2006},
  pages     = {573-583},
  ee        = {http://dx.doi.org/10.1007/11821069_50},
  crossref  = {DBLP:conf/mfcs/2006},
  bibsource = {DBLP, http://dblp.uni-trier.de}
}

@proceedings{DBLP:conf/mfcs/2006,
  editor    = {Rastislav Kralovic and
               Pawel Urzyczyn},
  title     = {Mathematical Foundations of Computer Science 2006, 31st
               International Symposium, MFCS 2006, Star{\'a} Lesn{\'a},
               Slovakia, August 28-September 1, 2006, Proceedings},
  booktitle = {MFCS},
  publisher = {Springer},
  series    = {Lecture Notes in Computer Science},
  volume    = {4162},
  year      = {2006},
  isbn      = {3-540-37791-3},
  bibsource = {DBLP, http://dblp.uni-trier.de}
}

@inproceedings{DBLP:conf/sofsem/Kik06,
  author    = {Marcin Kik},
  title     = {Merging and Merge-Sort in a Single Hop Radio Network},
  booktitle = {SOFSEM},
  year      = {2006},
  pages     = {341-349},
  ee        = {http://dx.doi.org/10.1007/11611257_32},
  crossref  = {DBLP:conf/sofsem/2006},
  bibsource = {DBLP, http://dblp.uni-trier.de}
}

@proceedings{DBLP:conf/sofsem/2006,
  editor    = {Jir\'{\i} Wiedermann and
               Gerard Tel and
               Jaroslav Pokorn{\'y} and
               M{\'a}ria Bielikov{\'a} and
               Julius Stuller},
  title     = {SOFSEM 2006: Theory and Practice of Computer Science, 32nd
               Conference on Current Trends in Theory and Practice of Computer
               Science, Mer\'{\i}n, Czech Republic, January 21-27, 2006,
               Proceedings},
  booktitle = {SOFSEM},
  publisher = {Springer},
  series    = {Lecture Notes in Computer Science},
  volume    = {3831},
  year      = {2006},
  isbn      = {3-540-31198-X},
  bibsource = {DBLP, http://dblp.uni-trier.de}
}

@inproceedings{DBLP:conf/adhoc-now/Kik08,
  author    = {Marcin Kik},
  title     = {Ranking and Sorting in Unreliable Single Hop Radio Network},
  booktitle = {ADHOC-NOW},
  year      = {2008},
  pages     = {333-344},
  ee        = {http://dx.doi.org/10.1007/978-3-540-85209-4_26},
  crossref  = {DBLP:conf/adhoc-now/2008},
  bibsource = {DBLP, http://dblp.uni-trier.de}
}

@proceedings{DBLP:conf/adhoc-now/2008,
  editor    = {David Coudert and
               David Simplot-Ryl and
               Ivan Stojmenovic},
  title     = {Ad-hoc, Mobile and Wireless Networks, 7th International
               Conference, ADHOC-NOW 2008, Sophia-Antipolis, France, September
               10-12, 2008, Proceedings},
  booktitle = {ADHOC-NOW},
  publisher = {Springer},
  series    = {Lecture Notes in Computer Science},
  volume    = {5198},
  year      = {2008},
  isbn      = {978-3-540-85208-7},
  bibsource = {DBLP, http://dblp.uni-trier.de}
}

@inproceedings{DBLP:conf/icpp/Nakano02,
  author    = {Koji Nakano},
  title     = {An Optimal Randomized Ranking Algorithm on the k-channel
               Broadcast Communication Model},
  booktitle = {ICPP},
  year      = {2002},
  pages     = {493-500},
  ee        = {http://computer.org/proceedings/icpp/1677/16770493abs.htm},
  crossref  = {DBLP:conf/icpp/2002},
  bibsource = {DBLP, http://dblp.uni-trier.de}
}

@proceedings{DBLP:conf/icpp/2002,
  title     = {31st International Conference on Parallel Processing (ICPP
               2002), 20-23 August 2002, Vancouver, BC, Canada},
  booktitle = {ICPP},
  publisher = {IEEE Computer Society},
  year      = {2002},
  isbn      = {0-7695-1677-7},
  bibsource = {DBLP, http://dblp.uni-trier.de}
}

@article{DBLP:journals/tpds/NakanoOZ01,
  author    = {Koji Nakano and
               Stephan Olariu and
               Albert Y. Zomaya},
  title     = {Energy-Efficient Permutation Routing in Radio Networks},
  journal   = {IEEE Trans. Parallel Distrib. Syst.},
  volume    = {12},
  number    = {6},
  year      = {2001},
  pages     = {544-557},
  ee        = {http://www.computer.org/tpds/td2001/l0544abs.htm},
  bibsource = {DBLP, http://dblp.uni-trier.de}
}

@article{DBLP:journals/tpds/NakanoOZ02,
  author    = {Koji Nakano and
               Stephan Olariu and
               Albert Y. Zomaya},
  title     = {Energy-Efficient Routing in the Broadcast Communication
               Model},
  journal   = {IEEE Trans. Parallel Distrib. Syst.},
  volume    = {13},
  number    = {12},
  year      = {2002},
  pages     = {1201-1210},
  ee        = {http://computer.org/tpds/td2002/l1201abs.htm},
  bibsource = {DBLP, http://dblp.uni-trier.de}
}

@inproceedings{DBLP:conf/percom/SinghP03,
  author    = {Mitali Singh and
               Viktor K. Prasanna},
  title     = {Energy-Optimal and Energy-Balanced Sorting in a Single-Hop
               Wireless Sensor Network},
  booktitle = {PerCom},
  year      = {2003},
  pages     = {50-59},
  ee        = {http://computer.org/proceedings/percom/1893/18930050abs.htm},
  crossref  = {DBLP:conf/percom/2003},
  bibsource = {DBLP, http://dblp.uni-trier.de}
}

@proceedings{DBLP:conf/percom/2003,
  title     = {Proceedings of the First IEEE International Conference on
               Pervasive Computing and Communications (PerCom'03), March
               23-26, 2003, Fort Worth, Texas, USA},
  booktitle = {PerCom},
  publisher = {IEEE Computer Society},
  year      = {2003},
  bibsource = {DBLP, http://dblp.uni-trier.de}
}

@article{SinghP03a,
  author    = {Mitali Singh and
               Viktor K. Prasanna},
  title     = {Optimal Energy Balanced Algorithm for Selection
               in Single Hop Sensor Network},
  journal = {SNPA ICC}, 
  year      = {2003}
}
