@inproceedings{DBLP:conf/fct/Kik09,
  author    = {Marcin Kik},
  title     = {Correcting Sorted Sequences in a Single Hop Radio Network},
  booktitle = {FCT},
  year      = {2009},
  pages     = {230-241},
  ee        = {http://dx.doi.org/10.1007/978-3-642-03409-1_21},
  crossref  = {DBLP:conf/fct/2009},
  bibsource = {DBLP, http://dblp.uni-trier.de}
}
@proceedings{DBLP:conf/fct/2009,
  editor    = {Miroslaw Kutylowski and
               Witold Charatonik and
               Maciej Gebala},
  title     = {Fundamentals of Computation Theory, 17th International Symposium,
               FCT 2009, Wroclaw, Poland, September 2-4, 2009. Proceedings},
  booktitle = {FCT},
  publisher = {Springer},
  series    = {Lecture Notes in Computer Science},
  volume    = {5699},
  year      = {2009},
  isbn      = {978-3-642-03408-4},
  ee        = {http://dx.doi.org/10.1007/978-3-642-03409-1},
  bibsource = {DBLP, http://dblp.uni-trier.de}
}

@inproceedings{DBLP:conf/adhoc-now/Kik08,
  author    = {Marcin Kik},
  title     = {Ranking and Sorting in Unreliable Single Hop Radio Network},
  booktitle = {ADHOC-NOW},
  year      = {2008},
  pages     = {333-344},
  ee        = {http://dx.doi.org/10.1007/978-3-540-85209-4_26},
  crossref  = {DBLP:conf/adhoc-now/2008},
  bibsource = {DBLP, http://dblp.uni-trier.de}
}
@proceedings{DBLP:conf/adhoc-now/2008,
  editor    = {David Coudert and
               David Simplot-Ryl and
               Ivan Stojmenovic},
  title     = {Ad-hoc, Mobile and Wireless Networks, 7th International
               Conference, ADHOC-NOW 2008, Sophia-Antipolis, France, September
               10-12, 2008, Proceedings},
  booktitle = {ADHOC-NOW},
  publisher = {Springer},
  series    = {Lecture Notes in Computer Science},
  volume    = {5198},
  year      = {2008},
  isbn      = {978-3-540-85208-7},
  bibsource = {DBLP, http://dblp.uni-trier.de}
}

@inproceedings{DBLP:conf/algosensors/GebalaK07,
  author    = {Maciej Gebala and
               Marcin Kik},
  title     = {Counting-Sort and Routing in a Single Hop Radio Network},
  booktitle = {ALGOSENSORS},
  year      = {2007},
  pages     = {138-149},
  ee        = {http://dx.doi.org/10.1007/978-3-540-77871-4_13},
  crossref  = {DBLP:conf/algosensors/2007},
  bibsource = {DBLP, http://dblp.uni-trier.de}
}
@proceedings{DBLP:conf/algosensors/2007,
  editor    = {Miroslaw Kutylowski and
               Jacek Cichon and
               Przemyslaw Kubiak},
  title     = {Algorithmic Aspects of Wireless Sensor Networks, Third International
               Workshop, ALGOSENSORS 2007, Wroclaw, Poland, July 14, 2007,
               Revised Selected Papers},
  booktitle = {ALGOSENSORS},
  publisher = {Springer},
  series    = {Lecture Notes in Computer Science},
  volume    = {4837},
  year      = {2008},
  isbn      = {978-3-540-77870-7},
  bibsource = {DBLP, http://dblp.uni-trier.de}
}

@inproceedings{DBLP:conf/mfcs/Kik06,
  author    = {Marcin Kik},
  title     = {Sorting Long Sequences in a Single Hop Radio Network},
  booktitle = {MFCS},
  year      = {2006},
  pages     = {573-583},
  ee        = {http://dx.doi.org/10.1007/11821069_50},
  crossref  = {DBLP:conf/mfcs/2006},
  bibsource = {DBLP, http://dblp.uni-trier.de}
}
@proceedings{DBLP:conf/mfcs/2006,
  editor    = {Rastislav Kralovic and
               Pawel Urzyczyn},
  title     = {Mathematical Foundations of Computer Science 2006, 31st
               International Symposium, MFCS 2006, Star{\'a} Lesn{\'a},
               Slovakia, August 28-September 1, 2006, Proceedings},
  booktitle = {MFCS},
  publisher = {Springer},
  series    = {Lecture Notes in Computer Science},
  volume    = {4162},
  year      = {2006},
  isbn      = {3-540-37791-3},
  bibsource = {DBLP, http://dblp.uni-trier.de}
}

@inproceedings{DBLP:conf/sofsem/Kik06,
  author    = {Marcin Kik},
  title     = {Merging and Merge-Sort in a Single Hop Radio Network},
  booktitle = {SOFSEM},
  year      = {2006},
  pages     = {341-349},
  ee        = {http://dx.doi.org/10.1007/11611257_32},
  crossref  = {DBLP:conf/sofsem/2006},
  bibsource = {DBLP, http://dblp.uni-trier.de}
}
@proceedings{DBLP:conf/sofsem/2006,
  editor    = {Jir\'{\i} Wiedermann and
               Gerard Tel and
               Jaroslav Pokorn{\'y} and
               M{\'a}ria Bielikov{\'a} and
               Julius Stuller},
  title     = {SOFSEM 2006: Theory and Practice of Computer Science, 32nd
               Conference on Current Trends in Theory and Practice of Computer
               Science, Mer\'{\i}n, Czech Republic, January 21-27, 2006,
               Proceedings},
  booktitle = {SOFSEM},
  publisher = {Springer},
  series    = {Lecture Notes in Computer Science},
  volume    = {3831},
  year      = {2006},
  isbn      = {3-540-31198-X},
  bibsource = {DBLP, http://dblp.uni-trier.de}
}

@inproceedings{DBLP:conf/fct/Kik03,
  author    = {Marcin Kik},
  title     = {Periodic Multisorting Comparator Networks},
  booktitle = {FCT},
  year      = {2003},
  pages     = {132-143},
  ee        = {http://springerlink.metapress.com/openurl.asp?genre=article{\&}issn=0302-9743{\&}volume=2751{\&}spage=132},
  crossref  = {DBLP:conf/fct/2003},
  bibsource = {DBLP, http://dblp.uni-trier.de}
}
@proceedings{DBLP:conf/fct/2003,
  editor    = {Andrzej Lingas and
               Bengt J. Nilsson},
  title     = {Fundamentals of Computation Theory, 14th International Symposium,
               FCT 2003, Malm{\"o}, Sweden, August 12-15, 2003, Proceedings},
  booktitle = {FCT},
  publisher = {Springer},
  series    = {Lecture Notes in Computer Science},
  volume    = {2751},
  year      = {2003},
  isbn      = {3-540-40543-7},
  bibsource = {DBLP, http://dblp.uni-trier.de}
}

@inproceedings{DBLP:conf/europar/Kik00,
  author    = {Marcin Kik},
  title     = {Periodic Correction Networks},
  booktitle = {Euro-Par},
  year      = {2000},
  pages     = {471-478},
  ee        = {http://link.springer.de/link/service/series/0558/bibs/1900/19000471.htm},
  crossref  = {DBLP:conf/europar/2000},
  bibsource = {DBLP, http://dblp.uni-trier.de}
}
@proceedings{DBLP:conf/europar/2000,
  editor    = {Arndt Bode and
               Thomas Ludwig 0002 and
               Wolfgang Karl and
               Roland Wism{\"u}ller},
  title     = {Euro-Par 2000, Parallel Processing, 6th International Euro-Par
               Conference, Munich, Germany, August 29 - September 1, 2000,
               Proceedings},
  booktitle = {Euro-Par},
  publisher = {Springer},
  series    = {Lecture Notes in Computer Science},
  volume    = {1900},
  year      = {2000},
  isbn      = {3-540-67956-1},
  bibsource = {DBLP, http://dblp.uni-trier.de}
}

@inproceedings{DBLP:conf/icpp/KikKP99,
  author    = {Marcin Kik and
               Miroslaw Kutylowski and
               Marek Piotr{\'o}w},
  title     = {Correction Networks},
  booktitle = {ICPP},
  year      = {1999},
  pages     = {40-47},
  ee        = {http://computer.org/proceedings/icpp/0350/03500040abs.htm},
  bibsource = {DBLP, http://dblp.uni-trier.de}
}

@inproceedings{DBLP:conf/stacs/KikKS94,
  author    = {Marcin Kik and
               Miroslaw Kutylowski and
               Grzegorz Stachowiak},
  title     = {Periodic Constant Depth Sorting Networks},
  booktitle = {STACS},
  year      = {1994},
  pages     = {201-212},
  ee        = {http://dx.doi.org/10.1007/3-540-57785-8_142},
  crossref  = {DBLP:conf/stacs/1994},
  bibsource = {DBLP, http://dblp.uni-trier.de}
}
@proceedings{DBLP:conf/stacs/1994,
  editor    = {Patrice Enjalbert and
               Ernst W. Mayr and
               Klaus W. Wagner},
  title     = {STACS 94, 11th Annual Symposium on Theoretical Aspects of
               Computer Science, Caen, France, February 24-26, 1994, Proceedings},
  booktitle = {STACS},
  publisher = {Springer},
  series    = {Lecture Notes in Computer Science},
  volume    = {775},
  year      = {1994},
  isbn      = {3-540-57785-8},
  bibsource = {DBLP, http://dblp.uni-trier.de}
}

@article{DBLP:journals/ppl/BeameKK94,
  author    = {Paul Beame and
               Miroslaw Kutylowski and
               Marcin Kik},
  title     = {Information Broadcasting by Exclusive-Read Prams},
  journal   = {Parallel Processing Letters},
  volume    = {4},
  year      = {1994},
  pages     = {159-169},
  bibsource = {DBLP, http://dblp.uni-trier.de}
}

@misc{RBO-WWW,
  author    = {Marcin Kik},
  title = {RBO Protocol web page}, 
  note = {\verb|http://www.im.pwr.wroc.pl/~kik/rbo/|, 
          \verb|http://sites.google.com/site/rboprotocol/|}, 
}



@article{DesignPatternsTinyOS,
 author = {Gay, David and Levis, Phil and Culler, David},
 title = {Software design patterns for TinyOS},
 journal = {SIGPLAN Not.},
 volume = {40},
 number = {7},
 year = {2005},
 issn = {0362-1340},
 pages = {40--49},
 doi = {http://doi.acm.org/10.1145/1070891.1065917},
 publisher = {ACM},
 address = {New York, NY, USA},
 }

@book{TinyOSProgramming,
 author = {Levis, Philip and Gay, David},
 title = {TinyOS Programming},
 year = {2009},
 isbn = {0521896061, 9780521896061},
 publisher = {Cambridge University Press},
 address = {New York, NY, USA},
 }

@misc{tinyos-web,
  title = {TinyOS}, 
  author = {tinyos}, 
  year = {}, 
  howpublished = {web}, 
  key = {TinyOS}, 
  note = {\verb|http://webs.cs.berkeley.edu/tos/|}, 
  www_section = {sensors}, 
  www_remarks = {CS263 2003}, 
}

@misc{TinyOS-WWW,
  author = {TinyOS}, 
  note = {\verb|http://www.tinyos.net/|}, 
}


@book{CormenLR89,
  author    = {Thomas H. Cormen and
               Charles E. Leiserson and
               Ronald L. Rivest},
  title     = {Introduction to Algorithms},
  publisher = {The MIT Press and McGraw-Hill Book Company},
  year      = {1989},
  isbn      = {0-262-03141-8, 0-07-013143-0},
  bibsource = {DBLP, http://dblp.uni-trier.de}
}

@article{DBLP:journals/tkde/ImielinskiVB97,
  author    = {Tomasz Imielinski and
               S. Viswanathan and
               B. R. Badrinath},
  title     = {Data on Air: Organization and Access},
  journal   = {IEEE Trans. Knowl. Data Eng.},
  volume    = {9},
  number    = {3},
  year      = {1997},
  pages     = {353-372},
  ee        = {db/journals/tkde/ImielinskiVB97.html},
  bibsource = {DBLP, http://dblp.uni-trier.de}
}


@inproceedings{DBLP:conf/sigmod/ImielinskiVB94,
  author    = {Tomasz Imielinski and
               S. Viswanathan and
               B. R. Badrinath},
  title     = {Energy Efficient Indexing on Air},
  booktitle = {SIGMOD Conference},
  year      = {1994},
  pages     = {25-36},
  ee        = {http://doi.acm.org/10.1145/191839.191846, db/conf/sigmod/ImielinskiVB94.html},
  crossref  = {DBLP:conf/sigmod/94},
  bibsource = {DBLP, http://dblp.uni-trier.de}
}
@proceedings{DBLP:conf/sigmod/94,
  editor    = {Richard T. Snodgrass and
               Marianne Winslett},
  title     = {Proceedings of the 1994 ACM SIGMOD International Conference
               on Management of Data, Minneapolis, Minnesota, May 24-27,
               1994},
  publisher = {ACM Press},
  year      = {1994},
  bibsource = {DBLP, http://dblp.uni-trier.de}
}

@inproceedings{DBLP:conf/edbt/ImielinskiVB94,
  author    = {Tomasz Imielinski and
               S. Viswanathan and
               B. R. Badrinath},
  title     = {Power Efficient Filtering of Data an Air},
  booktitle = {EDBT},
  year      = {1994},
  pages     = {245-258},
  ee        = {http://dx.doi.org/10.1007/3-540-57818-8_55},
  crossref  = {DBLP:conf/edbt/94},
  bibsource = {DBLP, http://dblp.uni-trier.de}
}

@proceedings{DBLP:conf/edbt/94,
  editor    = {Matthias Jarke and
               Janis A. Bubenko Jr. and
               Keith G. Jeffery},
  title     = {Advances in Database Technology - EDBT'94. 4th International
               Conference on Extending Database Technology, Cambridge,
               United Kingdom, March 28-31, 1994, Proceedings},
  booktitle = {EDBT},
  publisher = {Springer},
  series    = {Lecture Notes in Computer Science},
  volume    = {779},
  year      = {1994},
  isbn      = {3-540-57818-8},
  bibsource = {DBLP, http://dblp.uni-trier.de}
}

